@article{jacksi2019development,
  title={Development history of the world wide web},
  author={Jacksi, Karwan and Abass, Shakir M},
  journal={Int. J. Sci. Technol. Res},
  volume={8},
  number={9},
  pages={75--79},
  year={2019}
}

@incollection{bizer2011linked,
  title={Linked data: The story so far},
  author={Bizer, Christian and Heath, Tom and Berners-Lee, Tim},
  booktitle={Semantic services, interoperability and web applications: emerging concepts},
  pages={205--227},
  year={2011},
  publisher={IGI global}
}

@article{berners2006linked,
  title={Linked data-design issues},
  author={Berners-Lee, Tim},
  journal={\url{http://www.w3.org/DesignIssues/LinkedData.html}},
  year={2006}
}

@inproceedings{auer2007dbpedia,
  title={Dbpedia: A nucleus for a web of open data},
  author={Auer, S{\"o}ren and Bizer, Christian and Kobilarov, Georgi and Lehmann, Jens and Cyganiak, Richard and Ives, Zachary},
  booktitle={The Semantic Web: 6th International Semantic Web Conference, 2nd Asian Semantic Web Conference, ISWC 2007+ ASWC 2007, Busan, Korea, November 11-15, 2007. Proceedings},
  pages={722--735},
  year={2007},
  organization={Springer}
}

@inproceedings{golbeck2008linking,
  title={Linking Social Networks on the Web with FOAF: A Semantic Web Case Study},
  author={Golbeck, Jennifer and Rothstein, Matthew},
  booktitle={AAAI},
  volume={8},
  pages={1138--1143},
  year={2008}
}

@inproceedings{van2022publishing,
  title={Publishing cultural heritage collections of ghent with linked data event streams},
  author={Van de Vyvere, Brecht and D’Huynslager, Olivier Van and Atauil, Achraf and Segers, Maarten and Van Campe, Leen and Vandekeybus, Niels and Teugels, Sofie and Saenko, Alina and Pauwels, Pieter-Jan and Colpaert, Pieter},
  booktitle={Metadata and Semantic Research: 15th International Conference, MTSR 2021, Virtual Event, November 29--December 3, 2021, Revised Selected Papers},
  pages={357--369},
  year={2022},
  organization={Springer}
}

@article{miller1998introduction,
  title={An introduction to the resource description framework},
  author={Miller, Eric},
  journal={ディジタル図書館},
  volume={13},
  pages={3--11},
  year={1998},
  publisher={ディジタル図書館編集委員会}
}

@article{candan2001resource,
  title={Resource description framework: metadata and its applications},
  author={Candan, K Sel{\c{c}}uk and Liu, Huan and Suvarna, Reshma},
  journal={Acm Sigkdd Explorations Newsletter},
  volume={3},
  number={1},
  pages={6--19},
  year={2001},
  publisher={ACM New York, NY, USA}
}

@book{powers2003practical,
  title={Practical RDF: solving problems with the resource description framework},
  author={Powers, Shelley},
  year={2003},
  publisher={O'Reilly Media, Inc.}
}

@TechReport{seaborne2014rdf,
  author={Beckett, David},
  editor={Seaborne, Andy and Carothers, Gavin},
  title="{RDF} 1.1 N-Triples",
  month=feb,
  note={\url{https://www.w3.org/TR/2014/REC-n-triples-20140225/}},
  year="2014",
  type="{W3C} Recommendation",
  institution="W3C",
}

@TechReport{berners2011notation3,
  author={Berners-Lee, Tim and Connolly, Dan},
  title="Notation3 (N3): A readable RDF syntax",
  month=march,
  note={\url{http://www.w3.org/TeamSubmission/2011/SUBM-n3-20110328/}},
  year="2011",
  type="{W3C} Team Submission",
  institution="W3C",
}

@TechReport{prudhommeaux2014turtle,
  author={Beckett, David and Berners-Lee, Tim and Prud'hommeaux, Eric and Carothers, Gavin},
  editor={Prud'hommeaux, Eric and Carothers, Gavin},
  title="{RDF} 1.1 Turtle",
  month=feb,
  note={\url{https://www.w3.org/TR/2014/REC-turtle-20140225/}},
  year="2014",
  type="{W3C} Recommendation",
  institution="W3C",
}

@TechReport{gandon2014xml,
  author={Gandon, Fabien and Schreiber, Guus and Becket, Dave},
  title="{RDF} 1.1 {XML} Syntax",
  month=feb,
  note={\url{https://www.w3.org/TR/2014/REC-rdf-syntax-grammar-20140225/}},
  year="2014",
  type="{W3C} Recommendation",
  institution="W3C",
}

@inproceedings{dongo2019srdf,
  TITLE = {{S-RDF: A New RDF Serialization Format for Better Storage Without Losing Human Readability}},
  AUTHOR = {Dongo, Irvin and Chbeir, Richard},
  URL = {\url{https://hal.science/hal-02390598}},
  BOOKTITLE = {{On the Move to Meaningful Internet Systems: OTM 2019 Conferences}},
  ADDRESS = {Rhodes, Greece},
  PUBLISHER = {{Springer International Publishing}},
  SERIES = {28th International Conference on COOPERATIVE INFORMATION SYSTEMS},
  PAGES = {246-264},
  YEAR = {2019},
  MONTH = Oct,
  DOI = {10.1007/978-3-030-33246-4\_16},
  KEYWORDS = {Serialization Format ; Semantic Web ; Data Representation ; RDF},
  PDF = {\url{https://hal.science/hal-02390598/file/S-RDF%3A_A_new_RDF_Serialization_Format_for_better_Storage_without_losing_Human_Readability.pdf}},
  HAL_ID = {hal-02390598},
  HAL_VERSION = {v1},
}

@TechReport{kellogg2020jsonld,
  author={Sporny, Manu and Longley, Dave and Kellogg, Gregg and Lanthaler, Markus and Champin, Pierre-Antoine and Lindström, Niklas},
  editor={Kellogg, Gregg and Longley, Dave and Champin, Pierre-Antoine and Sporny, Manu and Lanthaler, Markus},
  title="{JSON}-LD {1.1}",
  month=jul,
  note={\url{https://www.w3.org/TR/2020/REC-json-ld11-20200716/}},
  year="2020",
  type="{W3C} Recommendation",
  institution="W3C",
}

@misc{floreverk2022ldes,
  key={CoGhent},
  editor={floreverk (GitHub user)},
  title={Linked Data Event Streams},
  note={\url{https://coghent.github.io/apiendpoints.html}},
  journal={Developer Documentation Collections of Ghent (CoGhent)},
  publisher={Collections of Ghent (CoGhent)},
  year={2022},
  month={Dec}
}

@misc{mdn2023found302,
  key={MDN Web Docs},
  title={302 Found},
  note={\url{https://developer.mozilla.org/en-US/docs/Web/HTTP/Status/302}},
  journal={MDN Web Docs},
  publisher={Mozilla Corporation},
  year={2023},
  month={April}
}

@article{vanveen2019wikidata,
  author = {van Veen, Theo},
  year = {2019},
  month = {06},
  pages = {72-81},
  title = {Wikidata: From “an” Identifier to “the” Identifier},
  volume = {38},
  journal = {Information Technology and Libraries},
  doi = {10.6017/ital.v38i2.10886}
}

@misc{wikidata2023data,
  key={Wikidata},
  title={Wikidata:Data access},
  note={\url{https://www.wikidata.org/wiki/Wikidata:Data_access}},
  publisher={Wikidata},
  year={2023},
  month={March}
}

@misc{fielding2014http,
  series = {Request for Comments},
  number = 7231,
  howpublished = {RFC 7231},
  publisher = {RFC Editor},
  doi = {10.17487/RFC7231},
  url = {https://www.rfc-editor.org/info/rfc7231},
  author = {Fielding, Roy T. and Reschke, Julian},
  title = {{Hypertext Transfer Protocol (HTTP/1.1): Semantics and Content}},
  pagetotal = 101,
  year = 2014,
  month = jun,
  abstract = {The Hypertext Transfer Protocol (HTTP) is a stateless \textbackslash{}\%application- level protocol for distributed, collaborative, hypertext information systems. This document defines the semantics of HTTP/1.1 messages, as expressed by request methods, request header fields, response status codes, and response header fields, along with the payload of messages (metadata and body content) and mechanisms for content negotiation.},
}

@misc{gettyvocabularies,
  key={Getty Vocabularies},
  year={2023},
  title={Getty Vocabularies},
  note={\url{https://www.getty.edu/research/tools/vocabularies/index.html}},
  publisher={The Getty Research Institute},
}

@misc{getty2023aat,
  key={Art \& Architecture Thesaurus},
  title={About the AAT},
  note={\url{https://www.getty.edu/research/tools/vocabularies/aat/about.html}},
  journal={Art \& Architecture Thesaurus Online},
  publisher={The Getty Research Institute},
  year={2023},
  month={March}
}

@misc{getty2023lod,
  key={Getty},
  title={Getty Vocabularies and Linked Open Data (LOD)},
  note={\url{https://www.getty.edu/research/tools/vocabularies/Linked_Data_Getty_Vocabularies.pdf}},
  publisher={The Getty Research Institute},
  editor={Harpring, Patricia},
  year={2023},
  month={May}
}

@inproceedings{taelman2018comunica,
  author = {Taelman, Ruben and Van Herwegen, Joachim and Vander Sande, Miel and Verborgh, Ruben},
  title = {Comunica: a Modular SPARQL Query Engine for the Web},
  booktitle = {Proceedings of the 17th International Semantic Web Conference},
  year = {2018},
  month = oct,
  url = {https://comunica.github.io/Article-ISWC2018-Resource/}
}

@TechReport{buil2013sparql,
  author      = {Buil-Aranda, Carlos and Corby, Olivier and Das, Souripriya and Feigenbaum, Lee and Gearon, Paula and Glimm, Birte and Harris, Steve and Hawke, Sandro and Herman, Ivan and Humfrey, Nicholas and Michaelis, Nico and Ogbuji, Chimezie and Perry, Matthew and Passant, Alexandre and Polleres, Axel and Prud'hommeaux, Eric and Seaborne, Andy and Gregory Todd Williams},
  title       = {{SPARQL} 1.1 Overview},
  month       = mar,
  note        = {\url{https://www.w3.org/TR/2013/REC-sparql11-overview-20130321/}},
  year        = {2013},
  bibsource   = {https://w2.syronex.com/jmr/w3c-biblio},
  type        = {{W3C} Recommendation},
  institution = {W3C},
}

@book{ducharme2013learning,
  title={Learning SPARQL: querying and updating with SPARQL 1.1},
  author={DuCharme, Bob},
  year={2013},
  publisher={" O'Reilly Media, Inc."},
  note={\url{http://www.snee.com/semwebmeetup/2011-09-15/SPARQLBobDuCharme.pdf}}
}

@TechReport{seaborn2013sparql,
  author      = {Seaborne, Andy and Harris, Steven},
  title       = "{SPARQL} 1.1 Query Language",
  month       = mar,
  note        = {\url{https://www.w3.org/TR/2013/REC-sparql11-query-20130321/}},
  year        = "2013",
  type        = "{W3C} Recommendation",
  institution = "W3C",
}

@TechReport{taelman2020quad,
  author      = {Taelman, Ruben},
  title       = "Quad Pattern Fragments",
  month       = september,
  note        = {\url{https://linkeddatafragments.org/specification/quad-pattern-fragments/}},
  year        = "2020",
  type        = "{W3C} Draft",
  institution = "W3C",
}

@inproceedings{hartig2012foundations,
  title={Foundations of traversal based query execution over linked data},
  author={Hartig, Olaf and Freytag, Johann-Christoph},
  booktitle={Proceedings of the 23rd ACM conference on Hypertext and social media},
  pages={43--52},
  year={2012},
  note={\url{https://arxiv.org/pdf/1108.6328.pdf}}
}

@misc{taelman2023ltqp,
  title={Link Traversal-based Query Processing},
  note={\url{https://www.rubensworks.net/raw/slides/2023/ugent-webfundamentals-linktraversal/}},
  journal={Ruben Taelman},
  publisher={Ghent University and imec},
  author={Taelman, Ruben},
  year={2023},
  month={May}
}

@misc{taelman2019lt,
  author = {Taelman, Ruben},
  title = {Link Traversal for Comunica},
  year = {2019},
  publisher = {Comunica},
  journal = {GitHub repository},
  note = {\url{https://github.com/comunica/comunica-feature-link-traversal}},
}

@misc{floreverk2022coghent,
  key={CoGhent},
  editor={floreverk (GitHub user)},
  title={CoGhent Data},
  note={\url{https://coghent.github.io/LDES/}},
  journal={Developer Documentation Collections of Ghent (CoGhent)},
  publisher={Collections of Ghent (CoGhent)},
  year={2023},
  month={June}
}

@article{leemputten2022gent,
 author  = {Van Leemputten, Pieterjan},
 year = {2020},
 month = {July},
 day = {10},
 title   = {Gent gaat cultureel erfgoed virtueel samenbrengen},
 journal = {DataNews},
 note     = {\url{https://datanews.knack.be/nieuws/gent-gaat-cultureel-erfgoed-virtueel-samenbrengen/}},
}

@article{schouppe2022gent,
 author  = {Schouppe, Ward},
 year = {2022},
 month = {September},
 day = {27},
 title   = {Gent roept inwoners op erfgoed in te sturen én te onderzoeken op een nieuw online platform: "We hopen op 50.000 inzendingen"},
 journal = {VRT NWS},
 note     = {\url{https://www.vrt.be/vrtnws/nl/2022/09/27/gent-vraagt-inwoners-erfgoed-in-te-sturen-en-te-onderzoeken-op-e/}},
}

@TechReport{colpaert2023tree,
  author      = {Colpaert, Pieter},
  title       = "The TREE hypermedia specification",
  month       = May,
  note        = {\url{https://treecg.github.io/specification/}},
  year        = "2023",
  type        = "{W3C} Draft",
  institution = "W3C",
}

@TechReport{colpaert2023ldes,
  author      = {Colpaert, Pieter},
  title       = "Linked Data Event Streams",
  month       = April,
  note        = {\url{https://semiceu.github.io/LinkedDataEventStreams/}},
  year        = "2023",
  type        = "{W3C} Living Standard",
  institution = "W3C",
}

@misc{vanderperren2021oslo,
  author={Vanderperren, Nastasia},
  title={Publicatie:OSLO Cultureel Erfgoed},
  note={\url{https://www.projectcest.be/wiki/Publicatie:OSLO_Cultureel_Erfgoed}},
  publisher={Cultureelerfgoedstandaardentoolbox (CEST)},
  year={2021},
  month={June}
}

@misc{linden2021object,
  author={van der Linden, Hans},
  editor={Buyle, Raf and Schepers, Dimitri and Thijs, Geert and Van de Vyvere, Brecht and Van Heymbeeck, Anthony and Vanbrabant, Martin and Vercauteren, Laurens},
  title={Cultureel Erfgoed Object (Applicatieprofiel)},
  note={\url{htthttps://data.vlaanderen.be/doc/applicatieprofiel/cultureel-erfgoed-object/erkendestandaard/2021-04-22/}},
  publisher={Data Vlaanderen},
  year={2021},
  month={April}
}

@misc{floreverk2022queries,
  key={CoGhent},
  editor={floreverk (GitHub user)},
  title={Basic Queries},
  note={\url{https://coghent.github.io/basicqueries.html}},
  journal={Developer Documentation Collections of Ghent (CoGhent)},
  publisher={Collections of Ghent (CoGhent)},
  year={2023},
  month={June}
}

@inproceedings{snydman2015international,
  title={The International Image Interoperability Framework (IIIF): A community \& technology approach for web-based images},
  author={Snydman, Stuart and Sanderson, Robert and Cramer, Tom},
  booktitle={Archiving conference},
  volume={2015},
  pages={16--21},
  year={2015},
  organization={Society for Imaging Science and Technology}
}

@misc{appleby2017presentation,
  key={IIIF},
  editor={Appleby, Michael and Crane, Tom and Sanderson, Robert and Stroop, Jon and Warner, Simeon},
  title={Presentation API 2.1.1},
  note={\url{https://iiif.io/api/presentation/2.1/}},
  journal={API Specifications - International Image Interoperability Framework},
  publisher={International Image Interoperability Framework},
  year={2017},
  month={June}
}

@misc{appleby2020presentation,
  key={IIIF},
  editor={Appleby, Michael and Crane, Tom and Sanderson, Robert and Stroop, Jon and Warner, Simeon},
  title={Presentation API 3.0},
  note={\url{https://iiif.io/api/presentation/3.0/}},
  journal={API Specifications - International Image Interoperability Framework},
  publisher={International Image Interoperability Framework},
  year={2020},
  month={June}
}

@incollection{emanuel2018stitching,
  title={Stitching together technology for the digital humanities with the International Image Interoperability Framework (IIIF)},
  author={Emanuel, Jeffrey P},
  booktitle={Digital Humanities, Libraries, and Partnerships},
  pages={125--135},
  year={2018},
  publisher={Elsevier}
}